@article{Driscoll1998,
 ISSN = {00346535, 15309142},
 author = {John C. Driscoll and Aart C. Kraay},
 journal = {The Review of Economics and Statistics},
 number = {4},
 pages = {549--560},
 publisher = {The MIT Press},
 title = {Consistent Covariance Matrix Estimation with Spatially Dependent Panel Data},
 urldate = {2024-07-17},
 volume = {80},
 year = {1998}
}


@article{ozden2011earth,
	title={Where on earth is everybody? The evolution of global bilateral migration 1960--2000},
	author={{\"O}zden, {\c{C}}a{\u{g}}lar and Parsons, Christopher R and Schiff, Maurice and Walmsley, Terrie L},
	journal={The World Bank Economic Review},
	volume={25},
	number={1},
	pages={12--56},
	year={2011},
	publisher={Oxford University Press}
}


@article{lewis2005estimating,
	title={Estimating regression models in which the dependent variable is based on estimates},
	author={Lewis, Jeffrey B and Linzer, Drew A},
	journal={Political analysis},
	volume={13},
	number={4},
	pages={345--364},
	year={2005},
	publisher={Cambridge University Press}
}


@article{Lewis1999,
 ISSN = {00220515},
 URL = {http://www.jstor.org/stable/2565213},
 author = {Karen K. Lewis},
 journal = {Journal of Economic Literature},
 number = {2},
 pages = {571--608},
 publisher = {American Economic Association},
 title = {Trying to Explain Home Bias in Equities and Consumption},
 urldate = {2024-07-09},
 volume = {37},
 year = {1999}
}

@Article{Jeske2001,
  author={Karsten Jeske},
  title={{Equity home bias: Can information cost explain the puzzle?}},
  journal={Economic Review},
  year=2001,
  volume={86},
  number={Q3},
  pages={31-42},
  month={},
  keywords={International finance; Capital movements; Stock market; Investments; Foreign}
}

@article{Grossman1976,
author = {Grossman, Sanford},
title = {On the Efficiency of Competitive Stock Markets where Trades have Diverse Information},
journal = {The Journal of Finance},
volume = {31},
number = {2},
pages = {573-585},
doi = {https://doi.org/10.1111/j.1540-6261.1976.tb01907.x},
url = {https://onlinelibrary.wiley.com/doi/abs/10.1111/j.1540-6261.1976.tb01907.x},
eprint = {https://onlinelibrary.wiley.com/doi/pdf/10.1111/j.1540-6261.1976.tb01907.x},
year = {1976}
}

@article{Gehrig1993,
 ISSN = {03470520, 14679442},
 author = {Thomas Gehrig},
 journal = {The Scandinavian Journal of Economics},
 number = {1},
 pages = {97--109},
 publisher = {[Wiley, The Scandinavian Journal of Economics]},
 title = {An Information Based Explanation of the Domestic Bias in International Equity Investment},
 urldate = {2024-07-09},
 volume = {95},
 year = {1993}
}

@article{Hatchondo2008,
author = {Carlos Hatchondo, Juan},
title = {Asymmetric Information and the Lack of Portfolio Diversification*},
journal = {International Economic Review},
volume = {49},
number = {4},
pages = {1297-1330},
year = {2008}
}


@article{TesarWerner1995,
title = {Home bias and high turnover},
journal = {Journal of International Money and Finance},
volume = {14},
number = {4},
pages = {467-492},
year = {1995},
issn = {0261-5606},
author = {Linda L. Tesar and Ingrid M. Werner},
}


@misc{kaufmann2023,
	author = {Daniel Kaufmann and Aart Kraay},
	title = {Worldwide Governance Indicators, 2023 Update},
	year = {2023}
}



@article{Lougani2013,
title = {Information rigidity in growth forecasts: Some cross-country evidence},
journal = {International Journal of Forecasting},
volume = {29},
number = {4},
pages = {605-621},
year = {2013},
issn = {0169-2070},
author = {Prakash Loungani and Herman Stekler and Natalia Tamirisa},
keywords = {Efficiency, Turning points, Cross-country forecasts}
}


@article{dovern2015information,
	title={Information rigidities: Comparing average and individual forecasts for a large international panel},
	author={Dovern, Jonas and Fritsche, Ulrich and Loungani, Prakash and Tamirisa, Natalia},
	journal={International Journal of Forecasting},
	volume={31},
	number={1},
	pages={144--154},
	year={2015},
	publisher={Elsevier}
}


@article{MankiwReis2002,
    author = {Mankiw, N. Gregory and Reis, Ricardo},
    title = "{Sticky Information versus Sticky Prices: A Proposal to Replace the New Keynesian Phillips Curve*}",
    journal = {The Quarterly Journal of Economics},
    volume = {117},
    number = {4},
    pages = {1295-1328},
    year = {2002},
    month = {11},
    issn = {0033-5533}
}





@article{Andrade2013,
title = {Inattentive professional forecasters},
journal = {Journal of Monetary Economics},
volume = {60},
number = {8},
pages = {967-982},
year = {2013},
issn = {0304-3932},
author = {Philippe Andrade and Hervé {Le Bihan}},
keywords = {Expectations, Imperfect information, Inattention, Forecast errors, Disagreement}
}

@article{Nordhaus1987,
 ISSN = {00346535, 15309142},
 author = {William D. Nordhaus},
 journal = {The Review of Economics and Statistics},
 number = {4},
 pages = {667--674},
 publisher = {The MIT Press},
 title = {Forecasting Efficiency: Concepts and Applications},
 urldate = {2023-06-13},
 volume = {69},
 year = {1987}
}

@article{Andrade2022,
title = {No firm is an island? How industry conditions shape firms’ expectations},
journal = {Journal of Monetary Economics},
volume = {125},
pages = {40-56},
year = {2022},
issn = {0304-3932},
doi = {https://doi.org/10.1016/j.jmoneco.2021.05.006},
author = {Philippe Andrade and Olivier Coibion and Erwan Gautier and Yuriy Gorodnichenko},
keywords = {Expectations, Rational inattention, Inflation}
}

@article{Mackowiak2009,
 ISSN = {00028282, 19447981},
 author = {Bartosz Maćkowiak and Mirko Wiederholt},
 journal = {The American Economic Review},
 number = {3},
 pages = {769--803},
 publisher = {American Economic Association},
 title = {Optimal Sticky Prices under Rational Inattention},
 urldate = {2024-06-20},
 volume = {99},
 year = {2009}
}

@article{Sims2003,
title = {Implications of rational inattention},
journal = {Journal of Monetary Economics},
volume = {50},
number = {3},
pages = {665-690},
year = {2003},
issn = {0304-3932},
author = {Christopher A. Sims},
keywords = {Information theory, Control theory, Sticky prices, Inertia}
}

@TechReport{Mayer2011,
author={Thierry Mayer and Soledad Zignago},
title={Notes on CEPII’s distances measures: The GeoDist database},
year=2011,
month=December,
institution={CEPII},
type={Working Papers},
number={2011-25}
} 

@Inbook{Spolaore2016,
author="Spolaore, Enrico
and Wacziarg, Romain",
editor="Ginsburgh, Victor
and Weber, Shlomo",
title="Ancestry, Language and Culture",
bookTitle="The Palgrave Handbook of Economics and Language",
year="2016",
publisher="Palgrave Macmillan UK",
address="London",
pages="174--211",
isbn="978-1-137-32505-1"
}

@article{Fearon2003,
 ISSN = {13814338, 15737020},
 author = {James D. Fearon},
 journal = {Journal of Economic Growth},
 number = {2},
 pages = {195--222},
 publisher = {Springer},
 title = {Ethnic and Cultural Diversity by Country},
 urldate = {2024-06-18},
 volume = {8},
 year = {2003}
}

@techreport{Pellegrino2021,
 title = "Barriers to Global Capital Allocation",
 author = "Pellegrino, Bruno and Spolaore, Enrico and Wacziarg, Romain",
 institution = "National Bureau of Economic Research",
 type = "Working Paper",
 series = "Working Paper Series",
 number = "28694",
 year = "2021",
 month = "April"
}

@article{LahiriSheng2008,
title = {Evolution of forecast disagreement in a Bayesian learning model},
journal = {Journal of Econometrics},
volume = {144},
number = {2},
pages = {325-340},
year = {2008},
issn = {0304-4076},
author = {Kajal Lahiri and Xuguang Sheng},
keywords = {E17, E37, Forecast disagreement, Forecast horizon, Forecast efficiency, Consensus forecast, Differential interpretation, Public information, Bayesian learning, Panel data}
}

@article{Clements1997,
author = {Clements, Michael P.},
title = {Evaluating the Rationality of Fixed-event Forecasts},
journal = {Journal of Forecasting},
volume = {16},
number = {4},
pages = {225-239},
keywords = {fixed-event forecasts, weak efficiency, forecast rationality, pooling},
year = {1997}
}

@inbook{MincerZarnowitz1969,
 Crossref = "NBERminc69-1",
 title = "The Evaluation of Economic Forecasts",
 author = "Jacob A. Mincer and Victor Zarnowitz",
 BookTitle = "Economic Forecasts and Expectations: Analysis of Forecasting Behavior and Performance",
 Publisher = "NBER",
 pages = "3-46",
 year = "1969",
}

@techreport{Zarnowitz1983,
 title = "Rational Expectations and Macroeconomic Forecasts",
 author = "Zarnowitz, Victor",
 institution = "National Bureau of Economic Research",
 type = "Working Paper",
 series = "Working Paper Series",
 number = "1070",
 year = "1983",
 month = "1983"
}

@article{ClementsTaylor2001,
author = {Clements, Michael P. and Taylor, Nick},
title = {Robust evaluation of fixed-event forecast rationality},
journal = {Journal of Forecasting},
volume = {20},
number = {4},
pages = {285-295},
keywords = {fixed-event forecasts, forecast rationality, non-normal errors}
year = {2001}
}

@Article{Baleyetal2020,
  author={Baley, Isaac and Veldkamp, Laura and Waugh, Michael},
  title={{Can global uncertainty promote international trade?}},
  journal={Journal of International Economics},
  year=2020,
  volume={126},
  number={C},
  pages={},
  month={},
}

@article{CoibionGorodnichenko2015,
Author = {Coibion, Olivier and Gorodnichenko, Yuriy},
Title = {Information Rigidity and the Expectations Formation Process: A Simple Framework and New Facts},
Journal = {American Economic Review},
Volume = {105},
Number = {8},
Year = {2015},
Month = {August},
Pages = {2644-78},
}

@article{Bordaloetal2020,
Author = {Bordalo, Pedro and Gennaioli, Nicola and Ma, Yueran and Shleifer, Andrei},
Title = {Overreaction in Macroeconomic Expectations},
Journal = {American Economic Review},
Volume = {110},
Number = {9},
Year = {2020},
Month = {September},
Pages = {2748-82}
}




@article{BroerKohlhas2019,
	title={Forecaster (mis-) behavior},
	author={Broer, Tobias and Kohlhas, Alexandre N},
	journal={Review of Economics and Statistics},
	pages={1--18},
	year={2024},
	publisher={MIT Press 255 Main Street, 9th Floor, Cambridge, Massachusetts 02142, USA~…}
}


@article{Angeletosetal2020,
	title={Imperfect Macroeconomic Expectations: Evidence and Theory},
	author={Angeletos, George-Marios and Huo, Zhen and Sastry, Karthik A},
	journal={NBER Macroeconomics Annual},
	volume={35},
	number={1},
	pages={1--86},
	year={2021},
	publisher={The University of Chicago Press Chicago, IL}
}

@Article{HeadMayer2013,
  author={Keith Head and Thierry Mayer},
  title={{What separates us? Sources of resistance to globalization}},
  journal={Canadian Journal of Economics},
  year=2013,
  volume={46},
  number={4},
  pages={1196-1231},
  month={November},
  keywords={},
}

@Article{DasguptaMondria2018,
  author={Dasgupta, Kunal and Mondria, Jordi},
  title={{Inattentive importers}},
  journal={Journal of International Economics},
  year=2018,
  volume={112},
  number={C},
  pages={150-165},
  month={},
}

@Article{Allen2014,
  author={Treb Allen},
  title={{Information Frictions in Trade}},
  journal={Econometrica},
  year=2014,
  volume={82},
  number={},
  pages={2041-2083},
  month={November},
}

@TechReport{Eatonetal2021,
  author={Jonathan Eaton and Marcela Eslava and David Jinkins and C. J. Krizan and James R. Tybout},
  title={{A Search and Learning Model of Export Dynamics}},
  year=2021,
  month=Jul,
  institution={National Bureau of Economic Research, Inc},
  type={NBER Working Papers},
  number={29100},
}

@article{AndersonvanWincoop2004,
Author = {Anderson, James E. and van Wincoop, Eric},
Title = {Trade Costs},
Journal = {Journal of Economic Literature},
Volume = {42},
Number = {3},
Year = {2004},
Month = {September},
Pages = {691-751},
}

% WARNING: This file may contain UTF-8 (unicode) characters.
% While non-8-bit characters are officially unsupported in BibTeX, you
% can use them with the biber backend of biblatex
%    usepackage[backend=biber]{biblatex}

@techreport{ObstfeldRogoff2000,
 title = {The Six Major Puzzles in International Macroeconomics: Is There a Common Cause?},
 author = {Obstfeld, Maurice and Rogoff, Kenneth},
 institution = {National Bureau of Economic Research},
 type = {Working Paper},
 series = {Working Paper Series},
 number = {7777},
 year = {2000},
 month = {July}
}

@article{FrenchPoterba1991,
 ISSN = {00028282},
 author = {Kenneth R. French and James M. Poterba},
 journal = {The American Economic Review},
 number = {2},
 pages = {222--226},
 publisher = {American Economic Association},
 title = {Investor Diversification and International Equity Markets},
 volume = {81},
 year = {1991}
}

@article{PortesRey2005,
  title={The determinants of cross-border equity flows},
  author={Portes, Richard and Rey, Helene},
  journal={Journal of Financial Economics},
  volume={65},
  pages={269--296},
  year={2005},
}

@InCollection{Ghosh2000,
  author={Swati Ghosh and Holger Wolf},
  title={{Is There a Curse of Location? Spatial Determinants of Capital Flows to Emerging Markets}},
  booktitle={{Capital Flows and the Emerging Economies: Theory, Evidence, and Controversies}},
  publisher={National Bureau of Economic Research, Inc},
  year=2000,
  month={June},
  volume={},
  number={},
  series={NBER Chapters},
  edition={},
  chapter={},
  pages={137-156},
  doi={},
  keywords={}
}

@article{DiGiovanni2005,
title = {What drives capital flows? The case of cross-border M\&A activity and financial deepening},
journal = {Journal of International Economics},
volume = {65},
number = {1},
pages = {127-149},
year = {2005},
issn = {0022-1996},
author = {Julian {di Giovanni}},
}

@article{Fernandez2016,
 ISSN = {20414161, 2041417X},
 author = {Andrés Fern\'andez and Michael W. Klein and Alessandro Rebucci and Martin Schindler and Mart\'in Uribe},
 journal = {IMF Economic Review},
 number = {3},
 pages = {548--574},
 publisher = {[Palgrave Macmillan Journals, International Monetary Fund]},
 title = {Capital Control Measures: A New Dataset},
 urldate = {2024-06-18},
 volume = {64},
 year = {2016}
}

@article{Wallmeier2022,
title = {Home bias and expected returns: A structural approach},
journal = {Journal of International Money and Finance},
volume = {124},
pages = {102634},
year = {2022},
issn = {0261-5606},
author = {Martin Wallmeier and Christoph Iseli},
keywords = {Home bias, Asset pricing, International diversification, Implied expected return, Core-satellite approach, Home preferences, Equilibrium model},
}

@article{Peri2005,
 ISSN = {00346535, 15309142},
 author = {Giovanni Peri},
 journal = {The Review of Economics and Statistics},
 number = {2},
 pages = {308--322},
 publisher = {The MIT Press},
 title = {Determinants of Knowledge Flows and Their Effect on Innovation},
 urldate = {2024-07-09},
 volume = {87},
 year = {2005}
}

@article{Levy2014,
title = {The home bias is here to stay},
journal = {Journal of Banking and Finance},
volume = {47},
pages = {29-40},
year = {2014},
issn = {0378-4266},
author = {Haim Levy and Moshe Levy},
keywords = {Home bias, International diversification, Portfolio optimization},
}

@article{Hu2020,
title = {Industrial specialization matters: A new angle on equity home Bias},
journal = {Journal of International Economics},
volume = {126},
pages = {103354},
year = {2020},
issn = {0022-1996},
author = {Chenyue Hu},
keywords = {Home bias, Portfolio choice, Sectoral productivity, Industrial specialization},
}

@article{Bhamra2014,
title = {A dynamic equilibrium model of imperfectly integrated financial markets},
journal = {Journal of Economic Theory},
volume = {154},
pages = {490-542},
year = {2014},
issn = {0022-0531},
author = {Harjoat S. Bhamra and Nicolas Coeurdacier and Stéphane Guibaud},
keywords = {Two trees, Asset pricing with heterogeneous investors, Home bias in portfolios, International stock return correlations, Financial integration},
}

@article{Glassman2001,
title = {What causes home asset bias and how should it be measured?},
journal = {Journal of Empirical Finance},
volume = {8},
number = {1},
pages = {35-54},
year = {2001},
issn = {0927-5398},
author = {Debra A. Glassman and Leigh A. Riddick},
keywords = {International portfolio diversification, Home asset bias, Home asset preference, Portfolio choice},
}

@article{Admati1985,
 author = {Anat R. Admati},
 journal = {Econometrica},
 number = {3},
 pages = {629--657},
 publisher = {[Wiley, Econometric Society]},
 title = {A Noisy Rational Expectations Equilibrium for Multi-Asset Securities Markets},
 volume = {53},
 year = {1985}
}

@article{GrossmanStiglitz1980,
 author = {Sanford J. Grossman and Joseph E. Stiglitz},
 journal = {The American Economic Review},
 number = {3},
 pages = {393--408},
 publisher = {American Economic Association},
 title = {On the Impossibility of Informationally Efficient Markets},
 volume = {70},
 year = {1980}
}

@article{VanNieuwerburghVeldkamp2009,
author = {Van Nieuwerburgh, Stijn and Veldkamp, Laura},
title = {Information Immobility and the Home Bias Puzzle},
journal = {The Journal of Finance},
volume = {64},
number = {3},
pages = {1187-1215},
year = {2009}
}

@article{VanNieuwerburghVeldkamp2010,
    author = {Van Nieuwerburgh, Stijn and Veldkamp, Laura},
    title = "{Information Acquisition and Under-Diversification}",
    journal = {The Review of Economic Studies},
    volume = {77},
    number = {2},
    pages = {779-805},
    year = {2010},
    month = {04},
}

@article{BrennanCao1997,
  title={International portfolio investment flows},
  author={Brennan, Michael J. and Cao, Henri},
  journal={Journal of Finance},
  volume={52},
  pages={1851--1880},
  year={1997},
}

@article{Pastor2000,
author = {P\`astor, Lubos},
title = {Portfolio Selection and Asset Pricing Models},
journal = {The Journal of Finance},
volume = {55},
number = {1},
pages = {179-223},
year = {2000}
}

@article{Portesetal2001,
title = {Information and capital flows: The determinants of transactions in financial assets},
journal = {European Economic Review},
volume = {45},
number = {4},
pages = {783-796},
year = {2001},
note = {15th Annual Congress of the European Economic Association},
issn = {0014-2921},
author = {Richard Portes and Hélène Rey and Yonghyup Oh},
}

@article{Banerjee2011,
  author = {Snehal Banerjee},
 journal = {The Review of Financial Studies},
 number = {9},
 pages = {3025--3068},
 publisher = {[Oxford University Press, Society for Financial Studies]},
 title = {Learning from Prices and the Dispersion in Beliefs},
 volume = {24},
 year = {2011}
}

@article{Yuan2005,
author = {Yuan, Kathy},
title = {Asymmetric Price Movements and Borrowing Constraints: A Rational Expectations Equilibrium Model of Crises, Contagion, and Confusion},
journal = {The Journal of Finance},
volume = {60},
number = {1},
pages = {379-411},
year = {2005}
}

@article{Mondria2010,
title = {Portfolio choice, attention allocation, and price comovement},
journal = {Journal of Economic Theory},
volume = {145},
number = {5},
pages = {1837-1864},
year = {2010},
author = {Jordi Mondria},
}

@article{DeMarcoetal2021,
    author = {De Marco, Filippo and Macchiavelli, Marco and Valchev, Rosen},
    title = "{Beyond Home Bias: International Portfolio Holdings and Information Heterogeneity}",
    journal = {The Review of Financial Studies},
    year = {2021},
    month = {12},
}

@article{Albuquerqueetal2007,
  title={International equity flows and returns: a quantitative equilibrium approach},
  author={Albuquerque, Rui and Bauer, Gregory H. and Schneider, Martin},
  journal={The Review of Economic Studies},
  volume={74},
  number={1},
  pages={1--30},
  year={2007},
  publisher={Oxford University Press}
}


@article{Albuquerqueetal2009,
  title={Global private information in international equity markets},
  author={Albuquerque, Rui and Bauer, Gregory H. and Schneider, Martin},
  journal={Journal of Financial Economics},
  volume={94},
  number={1},
  pages={18--46},
  year={2009},
}

@article{Broneretal2013,
  title={Gross capital flows: Dynamics and crises},
  author={Broner, Fernando and Didier, Tatiana and Erce, Aitor and Schmukler, Sergio L.},
  journal={Journal of Monetary Economics},
  volume={60},
  number={1},
  pages={113--133},
  year={2013},
  publisher={Elsevier}
}

@article{TillevanWincoop2014,
  title={International capital flows under dispersed private information},
  author={Tille, C\'edric and van Wincoop, Eric},
  journal={Journal of International Economics},
  volume={93},
  number={1},
  pages={31--49},
  year={2014},
  publisher={Elsevier}
}

@article{TillevanWincoop2010,
  author={Tille, C\'edric and van Wincoop, Eric},
  title={{International capital flows}},
  journal={Journal of International Economics},
  year=2010,
  volume={80},
  number={2},
  pages={157-175},
  month={March},
}

@article{BenhimaCordonier2022,
  author={Benhima, Kenza and Cordonier, Rachel},
  title={{News, sentiment and capital flows}},
  journal={Journal of International Economics},
  year=2022,
  volume={137},
}

@article{RichTracy2021,
author = {Rich, R. and Tracy, J.},
title = {A Closer Look at the Behavior of Uncertainty and Disagreement: Micro Evidence from the Euro Area},
journal = {Journal of Money, Credit and Banking},
volume = {53},
number = {1},
pages = {233-253},
year = {2021}
}

@Article{RichTracy2010,
  author={Robert Rich and Joseph Tracy},
  title={{The Relationships among Expected Inflation, Disagreement, and Uncertainty: Evidence from Matched Point and Density Forecasts}},
  journal={The Review of Economics and Statistics},
  year=2010,
  volume={92},
  number={1},
  pages={200-207},
  month={February},
}

@article{LahiriSheng2010,
author = {Lahiri, Kajal and Sheng, Xuguang},
title = {Measuring forecast uncertainty by disagreement: The missing link},
journal = {Journal of Applied Econometrics},
volume = {25},
number = {4},
pages = {514-538},
year = {2010}
}

@TECHREPORT{DAmicoOrphanides2008,
title = {Uncertainty and disagreement in economic forecasting},
author = {D'Amico, Stefania and Orphanides, Athanasios},
year = {2008},
institution = {Board of Governors of the Federal Reserve System (U.S.)},
type = {Finance and Economics Discussion Series},
number = {2008-56},
}

@techreport{GemmiValchev2021,
  author={Gemmi, Luca and Valchev, Rosen},
  title={{Biased Surveys}},
  year=2022,
}

@article{GrinblattKeloharju2000,
  title={The investment behavior and performance of various investor types: a study of Finland's unique data set},
  author={Grinblatt, M. and M., Keloharju},
  journal={Journal of Financial Economics},
  volume={55},
  pages={43--67},
  year={2000}
}

@article{HamaoMei2001,
  title={Living with the ''enemy'': an analysis of foreign investment in the Japanese equity market},
  author={Hamao, Y. and J., Mei},
  journal={Journal of International Money and Finance},
  volume={20},
  pages={715--735},
  year={2001}
}

@article{Hau2001,
  title={Location matters: an examination of trading profits},
  author={Hau, H.},
  journal={Journal of Finance},
  volume={56},
  pages={1959--1983},
  year={2001},
}

@techreport{Buietal2021,
	author={Bui, Ha and Huo, Zhen and Levchenko, Andrei A. and Pandalai-Nayar, Nitya},
	title={News Media and International Fluctuations},
	year={2021},
}

@article{Choeetal2005,
  title={Do domestic investors have an edge? The trading experience of foreign investors in Korea},
  author={Choe, Hyuk and Kho, Bong-Chan and Stulz, Ren{\'e} M.},
  journal={Review of Financial Studies},
  volume={18},
  number={3},
  pages={795--829},
  year={2005},
  publisher={Soc Financial Studies}
}

@article{GrinblattKeloharju2001,
author = {Grinblatt, Mark and Keloharju, Matti},
title = {How Distance, Language, and Culture Influence Stockholdings and Trades},
journal = {The Journal of Finance},
volume = {56},
number = {3},
pages = {1053-1073},
year = {2001}
}

@article{KangStulz1997,
  title={Why is there a home bias? An analysis of foreign portfolio equity ownership in Japan},
  author={Kang, Jun-Koo and Stulz, Rene M.},
  journal={Journal of Financial Economics},
  volume={46},
  number={1},
  pages={3--28},
  year={1997},
}

@article{Dvorak2003,
  title={Gross capital flows and asymmetric information},
  author={Dvo{\v{r}}{\'a}k, Tom{\'a}{\v{s}}},
  journal={Journal of International Money and Finance},
  volume={22},
  number={6},
  pages={835--864},
  year={2003},
  publisher={Elsevier}
}

@article{Baeetal2008,
  title={Do local analysts know more? A cross-country study of performance of local analysts and foreign analysts},
  author={Bae, Kee-Hong and Stulz, Rene M. and Tan, Hongping},
  journal={Journal of Financial Economics},
  volume={88},
  number={3},
  pages={581--606},
  year={2008},
}



@article{Goldstein2021,
	title={Tracking inattention},
	author={Goldstein, Nathan},
	journal={Journal of the European Economic Association},
	volume={21},
	number={6},
	pages={2682--2725},
	year={2023},
	publisher={Oxford University Press}
}

@article{Ahearneetal2004,
title = "Information costs and home bias: an analysis of US holdings of foreign equities",
journal = "Journal of International Economics ",
volume = "62",
pages = "313--336",
year = "2004",
author = "Ahearne, Alan G. and Griever, William L. and Warnock, Francis E.",
}

@article{Iliopulosetal2021,
title = {International business cycles: Information matters},
journal = {Journal of Monetary Economics},
volume = {123},
pages = {19-34},
year = {2021},
author = {Eleni Iliopulos and Erica Perego and Thepthida Sopraseuth},
}

@article{Huberman2015,
    author = {Huberman, Gur},
    title = "{Familiarity Breeds Investment}",
    journal = {The Review of Financial Studies},
    volume = {14},
    number = {3},
    pages = {659-680},
    year = {2015},
    month = {06},
}

@article{CoeurdacierRey2013,
 author = {Nicolas Coeurdacier and Hélène Rey},
 journal = {Journal of Economic Literature},
 number = {1},
 pages = {63--115},
 publisher = {American Economic Association},
 title = {Home Bias in Open Economy Financial Macroeconomics},
 volume = {51},
 year = {2013}
}

@article{Huang2015,
    author = {Huang, Xing},
    title = "{Thinking Outside the Borders: Investors' Underreaction to Foreign Operations Information}",
    journal = {The Review of Financial Studies},
    volume = {28},
    number = {11},
    pages = {3109-3152},
    year = {2015},
    month = {07},
}

@article{Leuzetal2009,
  title={Do foreigners invest less in poorly governed firms?},
  author={Leuz, Christian and Lins, Karl V and Warnock, Francis E},
  journal={The Review of Financial Studies},
  volume={22},
  number={8},
  pages={3245--3285},
  year={2009},
  publisher={Oxford University Press}
}

@article{Czirakietal2021,
  title={Asymmetric attention and stock returns},
  author={Cziraki, Peter and Mondria, Jordi and Wu, Thomas},
  journal={Management Science},
  volume={67},
  number={1},
  pages={48--71},
  year={2021},
  publisher={INFORMS}
}

@article{Mondriaetal2010,
  title={The determinants of international investment and attention allocation: Using internet search query data},
  author={Mondria, Jordi and Wu, Thomas and Zhang, Yi},
  journal={Journal of International Economics},
  volume={82},
  number={1},
  pages={85--95},
  year={2010},
  publisher={Elsevier}
}

@Article{Baiketal2010,
  author={Baik, Bok and Kang, Jun-Koo and Kim, Jin-Mo},
  title={{Local institutional investors, information asymmetries, and equity returns}},
  journal={Journal of Financial Economics},
  year=2010,
  volume={97},
  number={1},
  pages={81-106},
  month={July},
}

@Article{Clemensetal2020,
  author={Clemens Sialm and Zheng Sun and Lu Zheng},
  title={{Home Bias and Local Contagion: Evidence from Funds of Hedge Funds}},
  journal={Review of Financial Studies},
  year=2020,
  volume={33},
  number={10},
  pages={4771-4810},
  month={},
}

%%%%%%%%%%%%%%%%%%% Other papers

@Article{Malmendieretal2020,
  author={Malmendier, Ulrike and Pouzo, Demian and Vanasco, Victoria},
  title={{Investor experiences and international capital flows}},
  journal={Journal of International Economics},
  year=2020,
  volume={124},
  number={C},
  pages={},
  month={},
  keywords={Experience effects; Learning; Asset prices; Portfolio choice; Demographics},
}

@Article{BonamGavin2019,
  author={Bonam, Dennis and Goy, Gavin},
  title={{Home biased expectations and macroeconomic imbalances in a monetary union}},
  journal={Journal of Economic Dynamics and Control},
  year=2019,
  volume={103},
  number={C},
  pages={25-42},
  month={},
  keywords={Monetary union; Macroeconomic imbalances; Home biased expectations; E-stability},
}


@article{levene1960robust,
	title={Robust tests for equality of variances},
	author={Levene, Howard},
	journal={Contributions to probability and statistics},
	pages={278--292},
	year={1960},
	publisher={Stanford University Press}
}


%%%%%%%%%%%% database

@techreport{cpigravity22,
	title={The CEPII Gravity database},
	author={Conte, M., P. Cotterlaz and T. Mayer},
	year={2022},
	type = {CEPII Working Paper},
	  number={2022-05}
}


@Misc{wdi22,
	author     = {{World Bank}},
	title      = {World Development Indicators},
	year       = {2022},
}



